@inproceedings{Quinones2018,
address = {New York, NY, USA},
author = {Qui{\~{n}}ones, D.R. and Lopes, G. and Kim, D. and Honnet, C. and Moratal, D. and Kampff, A.},
booktitle = {Proceedings of The 9th Augmented Human International Conference (AH2018)},
doi = {10.1145/3174910.3174935},
isbn = {9781450354158},
keywords = {Indoor,Low cost,Motion Capture,Neuroscience,Open Source,Tracker,Virtual Reality,Wireless-Sensor},
publisher = {ACM},
pages = {9:1--9:8},
numpages = {8},
year = 2018,
title = {{HIVE Tracker: A tiny, low-cost, and scalable device for sub-millimetric 3D positioning}},
}

@misc{firmwareRepo,
  title = {Firmware Repository},
  year = 2019,
  howpublished = {\url{http://github.com/hivetracker/firmware}},
}

@misc{WebappRepo,
  title = {WebApp Repository},
  year = 2019,
  howpublished = {\url{http://github.com/hivetracker/hivetrackerjs}},
}
